<?xml version="1.0"?>
<record xmlns="http://www.loc.gov/MARC21/slim">
  <leader>04485cas a2200949   4500</leader>
  <controlfield tag="001">estimatesofexpen00albe</controlfield>
  <controlfield tag="003">CaSfIA</controlfield>
  <controlfield tag="005">20151008010651.0</controlfield>
  <controlfield tag="007">cr||||||||||||</controlfield>
  <controlfield tag="008">760921d19771986abcar        s     0eng d</controlfield>
  <datafield tag="010" ind1=" " ind2=" ">
    <subfield code="a">   76644702 </subfield>
    <subfield code="z">   76644702</subfield>
  </datafield>
  <datafield tag="010" ind1=" " ind2=" ">
    <subfield code="a">   76644702 </subfield>
    <subfield code="z">   76644702 cn 77081157</subfield>
  </datafield>
  <datafield tag="022" ind1="0" ind2=" ">
    <subfield code="a">0710-8583</subfield>
  </datafield>
  <datafield tag="035" ind1=" " ind2=" ">
    <subfield code="a">ocm02455621</subfield>
  </datafield>
  <datafield tag="037" ind1=" " ind2=" ">
    <subfield code="b">Treasury Dept., Legislative Bldg., Edmonton, Alta. T5K 2B6</subfield>
  </datafield>
  <datafield tag="040" ind1=" " ind2=" ">
    <subfield code="a">LC</subfield>
    <subfield code="b">eng</subfield>
    <subfield code="d">CaSfIA</subfield>
  </datafield>
  <datafield tag="040" ind1=" " ind2=" ">
    <subfield code="b">eng</subfield>
    <subfield code="d">CaOONL</subfield>
  </datafield>
  <datafield tag="042" ind1=" " ind2=" ">
    <subfield code="a">lc</subfield>
    <subfield code="a">nlc</subfield>
    <subfield code="a">isds/c</subfield>
  </datafield>
  <datafield tag="043" ind1=" " ind2=" ">
    <subfield code="a">n-cn-ab</subfield>
  </datafield>
  <datafield tag="049" ind1=" " ind2=" ">
    <subfield code="a">AEU</subfield>
    <subfield code="b">eng</subfield>
  </datafield>
  <datafield tag="049" ind1=" " ind2=" ">
    <subfield code="a">AEEN</subfield>
    <subfield code="b">eng</subfield>
  </datafield>
  <datafield tag="050" ind1=" " ind2="0">
    <subfield code="a">HJ13</subfield>
    <subfield code="b">.A715c</subfield>
  </datafield>
  <datafield tag="082" ind1=" " ind2=" ">
    <subfield code="a">336.3/9/097123</subfield>
  </datafield>
  <datafield tag="090" ind1=" " ind2=" ">
    <subfield code="a">HJ 13 A8 A384</subfield>
    <subfield code="b">AEE</subfield>
  </datafield>
  <datafield tag="090" ind1="1" ind2=" ">
    <subfield code="a">GOV DOC CA2 AL T E7515</subfield>
    <subfield code="b">AEU</subfield>
  </datafield>
  <datafield tag="090" ind1="0" ind2=" ">
    <subfield code="a">GOV DOC CA2 AL T E7515</subfield>
    <subfield code="b">AEU</subfield>
  </datafield>
  <datafield tag="090" ind1="0" ind2=" ">
    <subfield code="a">HJ 2056 .A3 Es85</subfield>
    <subfield code="b">AEEN</subfield>
  </datafield>
  <datafield tag="090" ind1=" " ind2=" ">
    <subfield code="a">HJ 13 A8 E887</subfield>
    <subfield code="b">AEU</subfield>
  </datafield>
  <datafield tag="110" ind1="1" ind2=" ">
    <subfield code="a">Alberta.</subfield>
  </datafield>
  <datafield tag="222" ind1=" " ind2="0">
    <subfield code="a">Estimates of expenditure. Supplementary information. Element details</subfield>
  </datafield>
  <datafield tag="245" ind1="1" ind2="0">
    <subfield code="a">Estimates of expenditure.</subfield>
    <subfield code="p">Supplementary information.</subfield>
    <subfield code="p">Element details.</subfield>
    <subfield code="h">[electronic resource] </subfield>
  </datafield>
  <datafield tag="246" ind1="1" ind2=" ">
    <subfield code="i">1985/86 has title:</subfield>
    <subfield code="a">Government estimates.</subfield>
    <subfield code="p">Supplementary information.</subfield>
    <subfield code="p">Element details.</subfield>
  </datafield>
  <datafield tag="246" ind1="1" ind2="0">
    <subfield code="a">Element details.</subfield>
  </datafield>
  <datafield tag="260" ind1=" " ind2=" ">
    <subfield code="a">Edmonton :</subfield>
    <subfield code="b">Treasury Dept.</subfield>
  </datafield>
  <datafield tag="300" ind1=" " ind2=" ">
    <subfield code="a">v. ;</subfield>
    <subfield code="c">28 cm.</subfield>
  </datafield>
  <datafield tag="336" ind1=" " ind2=" ">
    <subfield code="a">text</subfield>
    <subfield code="b">txt</subfield>
    <subfield code="2">rdacontent</subfield>
  </datafield>
  <datafield tag="337" ind1=" " ind2=" ">
    <subfield code="a">unmediated</subfield>
    <subfield code="b">n</subfield>
    <subfield code="2">rdamedia</subfield>
  </datafield>
  <datafield tag="338" ind1=" " ind2=" ">
    <subfield code="a">volume</subfield>
    <subfield code="b">nc</subfield>
    <subfield code="2">rdacarrier</subfield>
  </datafield>
  <datafield tag="362" ind1="0" ind2=" ">
    <subfield code="a">1976/77-1985/86.</subfield>
  </datafield>
  <datafield tag="590" ind1=" " ind2=" ">
    <subfield code="a">Library has: 1976/77-1984/85</subfield>
  </datafield>
  <datafield tag="596" ind1=" " ind2=" ">
    <subfield code="a">2 38 43</subfield>
  </datafield>
  <datafield tag="651" ind1=" " ind2="0">
    <subfield code="a">Alberta</subfield>
    <subfield code="x">Appropriations and expenditures</subfield>
    <subfield code="v">Periodicals.</subfield>
  </datafield>
  <datafield tag="772" ind1="0" ind2=" ">
    <subfield code="a">Alberta.</subfield>
    <subfield code="t">Estimates of expenditure. Programme estimates.</subfield>
    <subfield code="x">0809-6585</subfield>
    <subfield code="g">1976/77-&lt;1977/78&gt;.</subfield>
  </datafield>
  <datafield tag="772" ind1="0" ind2="0">
    <subfield code="a">Alberta.</subfield>
    <subfield code="t">Estimates of expenditure. Legislative Assembly estimates, government estimates.</subfield>
    <subfield code="g">&lt;1981/82&gt;-1982/83.</subfield>
  </datafield>
  <datafield tag="772" ind1="0" ind2="0">
    <subfield code="a">Alberta.</subfield>
    <subfield code="t">Estimates of expenditure. Legislative Assembly estimates.</subfield>
    <subfield code="g">1983/84-11984/85.</subfield>
  </datafield>
  <datafield tag="772" ind1="0" ind2="0">
    <subfield code="a">Alberta.</subfield>
    <subfield code="t">Estimates of expenditure. Legislative Assembly estimates.</subfield>
    <subfield code="g">1983/84-1984/85.</subfield>
  </datafield>
  <datafield tag="772" ind1="0" ind2="0">
    <subfield code="a">Alberta.</subfield>
    <subfield code="t">Legislative Assembly estimates.</subfield>
    <subfield code="g">1985-86.</subfield>
  </datafield>
  <datafield tag="772" ind1="0" ind2="0">
    <subfield code="a">Alberta.</subfield>
    <subfield code="t">Government estimates.</subfield>
    <subfield code="g">1985/86.</subfield>
  </datafield>
  <datafield tag="785" ind1="0" ind2="0">
    <subfield code="a">Alberta.</subfield>
    <subfield code="t">Government estimates and capital fund estimates. Supplementary information. Element details.</subfield>
  </datafield>
  <datafield tag="856" ind1="4" ind2="1">
    <subfield code="u">http://archive.org/details/estimatesofexpen00albe</subfield>
    <subfield code="z">Free eBook from the Internet Archive</subfield>
  </datafield>
</record>
